<record><leader>00000cas a2200000 a 4500</leader><controlfield tag="001">10820278</controlfield><controlfield tag="008">840608d18781890ksuwr ne      0   a0eng d</controlfield><controlfield tag="009">3789</controlfield><datafield ind1=" " ind2=" " tag="010"><subfield code="a">sn 84029181 </subfield></datafield><datafield ind1=" " ind2=" " tag="040"><subfield code="a">KSH</subfield><subfield code="b">eng</subfield><subfield code="c">KSH</subfield><subfield code="d">NPT</subfield><subfield code="d">OCL</subfield></datafield><datafield ind1=" " ind2=" " tag="042"><subfield code="a">msc</subfield></datafield><datafield ind1="0" ind2="4" tag="245"><subfield code="a">The Girard herald.</subfield></datafield><datafield ind1=" " ind2=" " tag="260"><subfield code="a">Girard, Kan. :</subfield><subfield code="b">J.W. Wamack,</subfield><subfield code="c">1878-1890.</subfield></datafield><datafield ind1=" " ind2=" " tag="300"><subfield code="a">12 v. ;</subfield><subfield code="c">64 cm.</subfield></datafield><datafield ind1=" " ind2=" " tag="310"><subfield code="a">Weekly</subfield></datafield><datafield ind1="0" ind2=" " tag="362"><subfield code="a">Vol. 1, no. 1 (July 26, 1878)-v. 12, no. 52 (June 28, 1890).</subfield></datafield><datafield ind1=" " ind2=" " tag="500"><subfield code="a">Publisher varies.</subfield></datafield><datafield ind1=" " ind2=" " tag="500"><subfield code="a">"Democrat."</subfield></datafield><datafield ind1=" " ind2=" " tag="752"><subfield code="a">United States</subfield><subfield code="b">Kansas</subfield><subfield code="c">Crawford</subfield><subfield code="d">Girard.</subfield></datafield><datafield ind1="0" ind2="0" tag="785"><subfield code="t">Western herald (Girard, Kan.)</subfield><subfield code="w">(DLC)sn 84029216</subfield></datafield></record>